@article{LAMBDA_CALCULUS,
    author = {Church, Alonzo},
    journal = {Annals of Mathematics},
    number = {33},
    pages = {346--366},
    posted-at = {2010-10-04 02:27:47},
    priority = {2},
    title = {{A Set of Postulates for the Foundation of Logic}},
    url = {http://www.jstor.org/stable/1968337},
    volume = {2},
    year = {1932}
}
